<record><leader>00000cas a22000007a 4500</leader><controlfield tag="001">11681888</controlfield><controlfield tag="008">850211d19371955wiuwr ne      0    0eng d</controlfield><datafield ind1=" " ind2=" " tag="010"><subfield code="a">sn 85040148 </subfield></datafield><datafield ind1=" " ind2=" " tag="040"><subfield code="a">NPV</subfield><subfield code="b">eng</subfield><subfield code="c">NPV</subfield><subfield code="d">OCLCQ</subfield></datafield><datafield ind1=" " ind2=" " tag="042"><subfield code="a">msc</subfield></datafield><datafield ind1=" " ind2=" " tag="043"><subfield code="a">n-us-wi</subfield></datafield><datafield ind1=" " ind2=" " tag="045"><subfield code="a">x3x5</subfield></datafield><datafield ind1=" " ind2=" " tag="052"><subfield code="a">4123</subfield><subfield code="b">B9</subfield></datafield><datafield ind1="0" ind2="4" tag="245"><subfield code="a">The Burnett County leader.</subfield></datafield><datafield ind1=" " ind2=" " tag="260"><subfield code="a">Siren, Burnett County, Wis. :</subfield><subfield code="b">Inter-County Pub.,</subfield><subfield code="c">-1955.</subfield></datafield><datafield ind1=" " ind2=" " tag="300"><subfield code="a">17 v. :</subfield><subfield code="b">ill.</subfield></datafield><datafield ind1=" " ind2=" " tag="310"><subfield code="a">Weekly</subfield></datafield><datafield ind1="0" ind2=" " tag="362"><subfield code="a">-v. 17, no. 20 (Mar. 31, 1955).</subfield></datafield><datafield ind1="1" ind2=" " tag="362"><subfield code="a">Began with Nov. 26, 1937 issue.</subfield><subfield code="z">Cf. Oehlerts, d. Guide to Wis. newspapers.</subfield></datafield><datafield ind1=" " ind2=" " tag="500"><subfield code="a">Editors: B. Bye, &lt;Jan. 6, 1944&gt;-Oct. 9, 1947; Mrs. L.B. Dolan, Oct. 16, 1947-March 31, 1955.</subfield></datafield><datafield ind1=" " ind2=" " tag="530"><subfield code="a">Available on microfilm from The State Historical Society of Wisconsin.</subfield></datafield><datafield ind1=" " ind2=" " tag="588"><subfield code="a">Description based on: Vol. 7, no. 6 (Jan. 6, 1944).</subfield></datafield><datafield ind1=" " ind2=" " tag="752"><subfield code="a">United States</subfield><subfield code="b">Wisconsin</subfield><subfield code="c">Burnett</subfield><subfield code="d">Siren.</subfield></datafield><datafield ind1="0" ind2="4" tag="785"><subfield code="t">Inter-county leader (Frederic, Wis.)</subfield><subfield code="w">(DLC)sn 85009647</subfield></datafield></record>